@book{MoxilI,
	author    = {Jonathan Levin},
    title     = {*OS Internals::User Space},
    year      = {2018},
    publisher = {Technologeeks.com},
    edition={2},
    address   = {North Castle, New York}
}

@book{MoxilII,
	author    = {Jonathan Levin},
    title     = {*OS Internals::Kernel Mode},
    year      = {2019},
    publisher = {Technologeeks.com},
    address   = {North Castle, New York}
}

@book{MoxilIII,
	author    = {Jonathan Levin},
    title     = {*OS Internals::Security and Insecurity},
    year      = {2017},
    publisher = {Technologeeks.com},
    edition={2},
    address   = {North Castle, New York}
}


@book{IncidentResponse,
	author={Kevin Mandia and Matthew Pepe and Jason Luttgens},
	year={2014},
	month={Aug 1,},
	title={Incident response \& computer forensics},
	publisher={McGraw-Hill},
	edition={3},
	address={USA}
}

@book{OSXIR,
	author={Jaron Bradley},
	year={2016},
	month={May 7,},
	title={OS X Incident Response},
	publisher={Syngress Media Incorporated},
	address={Cambridge, Massachusetts},

}





